@book{Sylvester1987,
author = {S. J. Campbell},
year = {1987},
pages = {79--189},
title = {Solid-State AC Motor Controls},
journal = {New York: Marcel Dekker, Inc.}
}

@book{Siskind1978cpts,
author = {C. S. Sisking},
year = {1978},
pages = {224},
title = {Electrical Control Systems in Industry},
journal = {New York: McGraw-Hill, Inc.}
}

@article{jadot2009induct,
author={F. {Jadot} and F. {Malrait} and J. {Moreno-Valenzuela} and R. {Sepulchre}},
journal={IEEE Transactions on Control Systems Technology},
title={Adaptive Regulation of Vector-Controlled Induction Motors},
year={2009},
volume={17},
number={3},
pages={646-657},
month={May},}

@INPROCEEDINGS{jebai2014cdc,
author={A. K. {Jebai} and P. {Combes} and  F. {Malrait} and P. {Martin} and P. {Rouchon}},
booktitle={53rd IEEE Conference on Decision and Control},
title={Energy-based modeling of electric motors},
year={2014},
pages={6009-6016},
month={Dec},}

@article{bai2018arxiv,
  author    = {Shaojie Bai and
               J. Zico Kolter and
               Vladlen Koltun},
  title     = {An Empirical Evaluation of Generic Convolutional and Recurrent Networks
               for Sequence Modeling},
  journal   = {CoRR},
  volume    = {abs/1803.01271},
  year      = {2018},
  url       = {http://arxiv.org/abs/1803.01271},
  archivePrefix = {arXiv},
  eprint    = {1803.01271},
  timestamp = {Mon, 13 Aug 2018 16:47:39 +0200},
  biburl    = {https://dblp.org/rec/bib/journals/corr/abs-1803-01271},
  bibsource = {dblp computer science bibliography, https://dblp.org}
}

@INPROCEEDINGS{li2018indrnn,
author={S. {Li} and W. {Li} and C. {Cook} and C. {Zhu} and Y. {Gao}},
booktitle={Computer Vision and Pattern Recognition},
title={Independently Recurrent Neural Network ({IndRNN}): Building A Longer and Deeper {RNN}},
year={2018},
pages={5457-5466},
month={June},}
